@article{lunde,
  title={Development and validation of a macroinvertebrate index of biotic integrity (IBI) for assessing urban impacts to Northern California freshwater wetlands},
  author={Lunde, Kevin B and Resh, Vincent H},
  journal={Environmental monitoring and assessment},
  volume={184},
  number={6},
  pages={3653--3674},
  year={2012},
  publisher={Springer}
}

@article{karr,
  title={Assessing biological integrity in running waters},
  author={Karr, James R and Fausch, Kurt D and Angermeier, Paul L and Yant, Philip R and Schlosser, Isaac J},
  journal={A method and its rationale. Illinois Natural History Survey, Champaign, Special Publication},
  volume={5},
  year={1986}
}

@article{crettaz,
  title={Estructura del ensamblaje de macroinvertebrados bent{\'o}nicos de una laguna urbana de la Pampa Mesopot{\'a}mica},
  author={Crettaz-Minaglia, Melina Celeste and Gianello, Diamela and Rold{\'a}n, Carlos and Chaves, Eduardo and Aguer, Irene and Ju{\'a}rez, Ricardo Ariel},
  journal={Intropica},
  year={2018}
}